   @inproceedings{couetoux01,
   author = {A. Couetoux and J.-B. Hoock and N. Sokolovska  and O. Teytaud and N. Bonnard},
   year = {2011},
   title = {Continuous upper confidence trees},
   booktitle = {Proc. of the 5th Int. Conf. on Learning and Intelligent OptimizatioN
(LION’11)},
   }

   @inproceedings{bandit01,
   author = {L. Kocsis and C. Szepesvari},
   year = {2006},
   title = {Bandit based Monte-Carlo planning},
   booktitle = {Proc. of the 17th Eur.
Conf. on Machine Learning (ECML’06)},
   }

   @inproceedings{weinstein01,
   author = {A. Weinstein and M. L. Littman},
   year = {2012},
   title = {Bandit-based planning and learning in continuous-action
Markov decision processes},
   booktitle = {Proc. of the 22nd Int. Conf. on Automated Planning and Schedul-
ing (ICAPS’12)},
   }

   @inproceedings{coulom01,
   author = {R. Coulom},
   year = {2006},
   title = {Efficient Selectivity and Backup Operators in Monte-Carlo Tree
Search},
   booktitle = {P. Ciancarini and H. J. van den Herik, editors, Proceedings of the
5th International Conference on Computers and Games},
location = {Turin, Italy},
   }